<?xml version="1.0" encoding="UTF-8"?><collection xmlns="http://www.loc.gov/MARC21/slim"><record><leader>00362nam--2200121-i-4500</leader><controlfield tag="001">000016297</controlfield><controlfield tag="002">20161230</controlfield><controlfield tag="005">20161230201031</controlfield><controlfield tag="008">060222s1000------------r-----000-0-eng-d</controlfield><datafield ind1=" " ind2=" " tag="100"><subfield code="a">Makowski,Bernard</subfield></datafield><datafield ind1=" " ind2=" " tag="245"><subfield code="a">Etude des resonances kk et kkpi dans les annihilations anti-proton al,l-l,2 gev/c.these</subfield></datafield><datafield ind1=" " ind2=" " tag="260"><subfield code="a">Paris,Faculte Des Sciences,1972. 94 P</subfield></datafield><datafield ind1=" " ind2=" " tag="852"><subfield code="a">78006</subfield></datafield></record></collection>